<?xml version="1.0" encoding="UTF-8"?><collection xmlns="http://www.loc.gov/MARC21/slim"><record><leader>00442nam--2200169-i-4500</leader><controlfield tag="001">000041007</controlfield><controlfield tag="002">20161230</controlfield><controlfield tag="005">20170219231137</controlfield><controlfield tag="008">060222s1000------------r-----000-0-eng-d</controlfield><datafield ind1=" " ind2=" " tag="080"><subfield code="a">621.039.85</subfield></datafield><datafield ind1=" " ind2=" " tag="245"><subfield code="a">Selected references to tracer techniques</subfield></datafield><datafield ind1=" " ind2=" " tag="260"><subfield code="a">Amersham</subfield><subfield code="b">The Radiochemical Centre</subfield><subfield code="c">1968</subfield></datafield><datafield ind1=" " ind2=" " tag="300"><subfield code="a">17 p</subfield></datafield><datafield ind1=" " ind2=" " tag="490"><subfield code="a">The Radiochemical Centre</subfield></datafield><datafield ind1=" " ind2=" " tag="700"><subfield code="a">Wilson, B. J</subfield></datafield><datafield ind1=" " ind2=" " tag="852"><subfield code="a">D.1220</subfield></datafield><datafield ind1=" " ind2=" " tag="CAT"><subfield code="a">SYS</subfield><subfield code="c">20170219</subfield><subfield code="h">231137</subfield></datafield></record></collection>